% fs = Foliensatz
% pu = Präsenzübungsblätter
% ab = Aufgabenblatt (mit Lösungen)

@misc{db:fs:1,
  title = {Qualifizierungsmaßnahme Informatik - Datenbanksysteme 1},
  subtitle = {Einführung, ER-Modellierung, Relationenmodell},
  howpublished = "\url{https://www.studon.fau.de/file2480889_download.html}",
  file = {DB_1 ER_Relationenmodell.pdf}
}

@misc{db:fs:2,
  title = {Qualifizierungsmaßnahme Informatik - Datenbanksysteme 2},
  subtitle = {Einführung SQL, Relationale Algebra},
  howpublished = "\url{https://www.studon.fau.de/file2480903_download.html}",
  file = {DB_2 SQL_RelAlgebra.pdf}
}

@misc{db:fs:3,
  title = {Qualifizierungsmaßnahme Informatik - Datenbanksysteme 3},
  subtitle = {SQL Vertiefung, Integrität, Physische Datenorganisation},
  howpublished = "\url{https://www.studon.fau.de/file2480904_download.html}",
  file = {DB_3 SQLvertieft_Integrität_PhysDatenorg.pdf}
}

@misc{db:fs:4,
  title = {Qualifizierungsmaßnahme Informatik - Datenbanksysteme 4},
  subtitle = {Funktionale Abhängigkeiten, Normalformen, Kanonische Überdeckung, Synthesealgorithmus},
  howpublished = "\url{https://www.studon.fau.de/file2480907_download.html}",
  file = {DB_4 FDs_Normalformen.pdf}
}

@misc{db:fs:5,
  title = {Qualifizierungsmaßnahme Informatik - Datenbanksysteme 5},
  subtitle = {Transaktionen, Fehler und Recovery},
  howpublished = "\url{https://www.studon.fau.de/file2480906_download.html}",
  file = {DB_5 Transaktionen.pdf}
}

%-----------------------------------------------------------------------
% pu
%-----------------------------------------------------------------------

@misc{db:pu:1,
  title = {Themenbereich Datenbanken - Präsenzübung 1: ER-Modell, Relationenmodell},
  howpublished = "\url{https://www.studon.fau.de/file2680502_download.html}",
  file = {PUE_DB_1.pdf PUE_DB_1_Lsg.pdf}
}

@misc{db:pu:2,
  title = {Themenbereich Datenbanken - Präsenzübung 2: SQL},
  howpublished = "\url{https://www.studon.fau.de/file2680501_download.html}",
  file = {PUE_DB_2.pdf PUE_DB_2_Lsg.pdf}
}

@misc{db:pu:3,
  title = {Themenbereich Datenbanken - Präsenzübung 3: SQL Vertieft},
  howpublished = "\url{https://www.studon.fau.de/file2680500_download.html}, \url{https://www.studon.fau.de/file2775367_download.html}",
  file = {PUE_DB_3.pdf PUE_DB_3_gesamt.pdf}
}

@misc{db:pu:4,
  title = {Themenbereich Datenbanken - Präsenzübung 4: Normalformen},
  howpublished = "\url{https://www.studon.fau.de/file2680504_download.html}",
  file = {PUE_DB_4.pdf PUE_DB_4_Lsg.pdf}
}

@misc{db:pu:5,
  title = {Themenbereich Datenbanken - Präsenzübung 5: Transaktionen},
  howpublished = "\url{https://www.studon.fau.de/file2680506_download.html}",
  file = {PUE_DB_5.pdf PUE_DB_5_Lsg.pdf}
}

@misc{db:pu:wh,
  title = {Themenbereich Datenbanken - Präsenzübung 6: Wiederholung},
  howpublished = "\url{https://www.studon.fau.de/file2680503_download.html}",
  file = {PUE_DB_WH.pdf PUE_DB_WH_Lsg.pdf}
}

%-----------------------------------------------------------------------
% ab
%-----------------------------------------------------------------------

@misc{db:ab:1,
  title = {Themenbereich Datenbanken - Aufgabenblatt 1: ER-Modellierung und Relationenschema},
  howpublished = "\url{https://www.studon.fau.de/file2680511_download.html}, Lösungen: \url{https://www.studon.fau.de/file2680509_download.html}",
  file = {AB_1 ER_Relationen.pdf AB_1 ER_Relationen_Lsg.pdf}
}

@misc{db:ab:2,
  title = {Themenbereich Datenbanken - Aufgabenblatt 2: Einstieg SQL},
  howpublished = "\url{https://www.studon.fau.de/file2680510_download.html}, Lösungen: \url{https://www.studon.fau.de/file2680512_download.html}",
  file = {AB_2 Einstieg_SQL.pdf AB_2 Einstieg_SQL_Lsg.pdf}
}

@misc{db:ab:3,
  title = {Themenbereich Datenbanken - Aufgabenblatt 3: Relationale Algebra und SQL},
  howpublished = "\url{https://www.studon.fau.de/file2680513_download.html}, Lösungen: \url{https://www.studon.fau.de/file2680514_download.html}",
  file = {AB_3 RelationaleAlgebra_SQL.pdf AB_3 RelationaleAlgebra_SQL_Lsg.pdf}
}

@misc{db:ab:4,
  title = {Themenbereich Datenbanken - Aufgabenblatt 4: Wiederholung: Relationale Algebra, SQL, ER-Modell, Relationenschema},
  howpublished = "\url{https://www.studon.fau.de/file2680515_download.html}, Lösungen: \url{https://www.studon.fau.de/file2680516_download.html}",
  file = {AB_4 WH_SQL_RelAlg_ER_Relschema.pdf AB_4 WH_SQL_RelAlg_ER_Relschema_Lsg.pdf}
}

@misc{db:ab:5,
  title = {Themenbereich Datenbanken - Aufgabenblatt 5: Funktionale Abhängigkeiten und Normalformen},
  howpublished = "\url{https://www.studon.fau.de/file2680517_download.html}, Lösungen: \url{https://www.studon.fau.de/file2680519_download.html}",
  file = {AB_5 FDs_NFs.pdf AB_5 FDs_NFs_Lsg.pdf}
}

@misc{db:ab:6,
  title = {Themenbereich Datenbanken - Aufgabenblatt 6: Normalformen \& Transaktionsmanagement},
  howpublished = "\url{https://www.studon.fau.de/file2680518_download.html}, Lösungen: \url{https://www.studon.fau.de/file2680520_download.html}",
  file = {AB_6 Transaktionsmanagement.pdf AB_6 Transaktionsmanagement_Lsg.pdf}
}

@misc{db:ab:7,
  title = {Themenbereich Datenbanken - Aufgabenblatt 7},
  file = {AB_7 Uebung.pdf AB_7 Uebung_Lsg.pdf}
}

@misc{db:ab:klausurvorbereitung,
  title = {Themenbereich Datenbanken - Aufgabenblatt 7: Klausurvorbereitung},
  howpublished = "\url{https://www.studon.fau.de/file2680521_download.html}, Lösungen: \url{https://www.studon.fau.de/file2680522_download.html}",
  file = {Klausurvorbereitung.pdf Klausurvorbereitung_Lsg.pdf}
}

@misc{db:ab:examen-rs-2013-03,
  title = {Themenbereich Datenbanken - Übungsexamina Realschule Frühjahr 2013},
  howpublished = "\url{https://www.studon.fau.de/file2699535_download.html}",
  file = {RS-Frühjahr2013-Lösungsvorschlag Datenbankenteil.pdf}
}

@misc{db:ab:examen-gym-2016-09,
  title = {Themenbereich Datenbanken - Übungsexamina Gymnasium Herbst 2016},
  howpublished = "\url{https://www.studon.fau.de/file2699534_download.html}",
  file = {RS-Frühjahr2013-Lösungsvorschlag Datenbankenteil.pdf }
}

%-----------------------------------------------------------------------
% html
%-----------------------------------------------------------------------

@misc{db:html:jaxenter:rekursives-sql,
  title = {10 SQL-Tricks, die du nicht für möglich gehalten hättest},
  howpublished = "\url{https://jaxenter.de/10-sql-tricks-39974}",
  note = {aufgerufen 2020-06-25}
}

@misc{db:pdf:tum:uebung-08,
  title = {Übung zur Vorlesung Grundlagen: Datenbanken im WS14/15, Blatt Nr. 8},
  organization = {TUM München},
  howpublished = "\url{https://db.in.tum.de/teaching/ws1415/grundlagen/Loesung08.pdf}",
  note = {aufgerufen 2020-07-27}
}

%-----------------------------------------------------------------------
% ebooks
%-----------------------------------------------------------------------

@misc{kemper,
  title = {Datenbanksysteme},
  subtitle = {eine Einführung},
  author = {Alfons Kemper and André Eickler},
  isbn = {9783486721393},
  year = {2013},
  edition = {9},
  publisher = {Oldenburg},
  file = {Kemper - Datenbanksysteme (Auszüge).pdf},
}

@misc{winter,
  title = {Einführung in relationale Datenbanksysteme \& Datenmodellierung},
  author = {Stefan Winter and Annabel Lindner and Markus Würdinger},
  howpublished = {\url{https://www.studon.fau.de/file2686598_download.html}},
  file = {Winter - Einführung in relationale Datenbanksysteme & Datenmodellierung.pdf},
}

@misc{sql92,
  title = {Database Language SQL - July 30, 1992},
  subtitle = {(Second Informal Review Draft) ISO/IEC 9075:1992},
  organisation = {Digital Equipment Corporation, Maynard, Massachusetts},
  howpublished = {\url{https://www.contrib.andrew.cmu.edu/~shadow/sql/sql1992.txt}}
}

%-----------------------------------------------------------------------
% wikipedia
%-----------------------------------------------------------------------

%%
% a
%%

@misc{wiki:acid,
  title = {Wikipedia-Artikel „ACID“},
  howpublished = "\url{https://de.wikipedia.org/wiki/ACID}",
}

%%
% d
%%

@misc{wiki:datenbankindex,
  title = {Wikipedia-Artikel „Datenbankindex“},
  howpublished = "\url{https://de.wikipedia.org/wiki/Datenbankindex}",
}

@misc{wiki:datenbanktrigger,
  title = {Wikipedia-Artikel „Datenbanktrigger“},
  howpublished = "\url{https://de.wikipedia.org/wiki/Datenbanktrigger}",
}

%%
% e
%%

@misc{wiki:entity-relationship-modell,
  title = {Wikipedia-Artikel „Entity-Relationship-Modell“},
  howpublished = "\url{https://de.wikipedia.org/wiki/Entity-Relationship-Modell}",
}

%%
% f
%%

@misc{wiki:funktionale-abhängigkeit,
  title = {Wikipedia-Artikel „Funktionale Abhängigkeit“},
  howpublished = "\url{https://de.wikipedia.org/wiki/Funktionale_Abhängigkeit}",
}

%%
% k
%%

@misc{wiki:kalkuel,
  title = {Wikipedia-Artikel „Kalkül“},
  howpublished = "\url{https://de.wikipedia.org/wiki/Kalkül}",
}

@misc{wiki:kalkuel-datenbank,
  title = {Wikipedia-Artikel „Kalkül (Datenbank)“},
  howpublished = "\url{https://de.wikipedia.org/wiki/Kalkül_(Datenbank)}",
}

%%
% n
%%

@misc{wiki:nichtwiederholbares-lesen,
  title = {Wikipedia-Artikel „Nichtwiederholbares Lesen“},
  howpublished = "\url{https://de.wikipedia.org/wiki/Nichtwiederholbares_Lesen}",
}

@misc{wiki:normalisierung,
  title = {Wikipedia-Artikel „Normalisierung (Datenbank)“},
  howpublished = "\url{https://de.wikipedia.org/wiki/Normalisierung_(Datenbank)}",
}

%%
% r
%%

@misc{wiki:relationale-algebra,
  title = {Wikipedia-Artikel „Relationale Algebra“},
  howpublished = "\url{https://de.wikipedia.org/wiki/Relationale_Algebra}",
}

@misc{wiki:relational-model,
  title = {Wikipedia-Artikel „Relational model“},
  howpublished = "\url{https://de.wikipedia.org/wiki/Relational_model}",
}

%%
% s
%%

@misc{wiki:schreib-lese-konflikt,
  title = {Wikipedia-Artikel „Schreib-Lese-Konflikt“},
  howpublished = "\url{https://de.wikipedia.org/wiki/Schreib-Lese-Konflikt}",
}

@misc{wiki:sperrverfahren,
  title = {Wikipedia-Artikel „Sperrverfahren“},
  howpublished = "\url{https://de.wikipedia.org/wiki/Sperrverfahren}",
}

%%
% v
%%

@misc{wiki:verlorenes-update,
  title = {Wikipedia-Artikel „Verlorenes Update“},
  howpublished = "\url{https://de.wikipedia.org/wiki/Verlorenes_Update}",
}

%%
% w
%%

@misc{wiki:wal-prinzip,
  title = {Wikipedia-Artikel „WAL-Prinzip“},
  howpublished = "\url{https://de.wikipedia.org/wiki/WAL-Prinzip}",
}

%-----------------------------------------------------------------------
% Online PDF
%-----------------------------------------------------------------------

@misc{net:pdf:tum:db-tutor-uebung,
  title = {2. Tutorübung zu Grundlagen: Datenbanken},
  author = {Chaoran Chen},
  organization = {TU München},
  howpublished = "\url{http://home.in.tum.de/~chench/gdb/02.pdf}",
  note = {aufgerufen 2020-06-22}
}

%-----------------------------------------------------------------------
% Online HTML
%-----------------------------------------------------------------------

@misc{net:html:uni-osnabrueck:dbs-skript,
  title = {Datenbanksysteme, Vorlesung im SS 2001},
  author = {Oliver Vornberger and Olaf Müller},
  organization = {Universität Osnabrück},
  howpublished = "\url{http://www-lehre.informatik.uni-osnabrueck.de/~dbs/2001/skript/node46.html}",
  note = {aufgerufen 2020-06-22}
}

@misc{net:html:uni-innsbruck:relax,
  title = {RelaX - relational algebra calculator},
  organization = {DBIS - Databases and Information Systems, Universität Innsbruck},
  howpublished = "\url{https://dbis-uibk.github.io/relax}",
  note = {aufgerufen 2020-06-22}
}
