% fs = Foliensatz
% pu = Präsenzübungsblätter
% ab = Aufgabenblatt (mit Lösungen)

@misc{oomup:fs:1,
  title = {Qualifizierungsmaßnahme Informatik: Objektorientierte Modellierung und Programmierung – Präsenztag 1},
  subtitle = {Objektorientierte Modellierung, Zustandsdiagramm, snap!, Algorithmus, Kontrollstrukturen},
  howpublished = "\url{https://www.studon.fau.de/file2822201_download.html}",
  file = {OOMuP_PT_1.pdf}
}

@misc{oomup:fs:2,
  title = {Qualifizierungsmaßnahme Informatik: Objektorientierte Modellierung und Programmierung – Präsenztag 2},
  subtitle = {Klassendiagramm, Greenfoot, Klassenaufbau, Kommentare, Datenkapselung, Methoden, Konstruktor, Attribute, Referenzvariablen, Kontrollstrukturen in Java},
  howpublished = "\url{https://www.studon.fau.de/file2833733_download.html}",
  file = {OOMuP_PT_2.pdf}
}

@misc{oomup:fs:3,
  title = {Qualifizierungsmaßnahme Informatik: Objektorientierte Modellierung und Programmierung – Präsenztag 3},
  subtitle = {BlueJ, Struktogramm, Vererbung, Schnittstellen, Felder},
  howpublished = "\url{https://www.studon.fau.de/file2842982_download.html}",
  file = {OOMuP_PT_3.pdf}
}

@misc{oomup:fs:4,
  title = {Qualifizierungsmaßnahme Informatik: Objektorientierte Modellierung und Programmierung – Präsenztag 4},
  subtitle = {Robuster Code, Testen und Debuggen in BlueJ, mehrdimensionale Felder, Sequenzdiagramm},
  howpublished = "\url{https://www.studon.fau.de/file2855924_download.html}",
  file = {OOMuP_PT_4.pdf}
}

%-----------------------------------------------------------------------
% pu
%-----------------------------------------------------------------------

@misc{oomup:pu:2,
  title = {Qualifizierungsmaßnahme Informatik: Objektorientierte Modellierung und Programmierung: Präsenzübung 2},
  howpublished = "\url{https://www.studon.fau.de/file2833731_download.html}",
  file = {Praesenzuebungsblatt_2.pdf}
}

@misc{oomup:pu:3,
  title = {Qualifizierungsmaßnahme Informatik: Objektorientierte Modellierung und Programmierung: Präsenzübung 3: Algorithmen implementieren I},
  howpublished = "\url{https://www.studon.fau.de/file2842980_download.html}",
  file = {Praesenzuebungsblatt_3.pdf}
}

@misc{oomup:pu:4,
  title = {Qualifizierungsmaßnahme Informatik: Objektorientierte Modellierung und Programmierung: Präsenzübung 4: Algorithmen implementieren II},
  howpublished = "\url{https://www.studon.fau.de/file2855930_download.html}",
  file = {Praesenzuebungsblatt_4.pdf}
}

%-----------------------------------------------------------------------
% ab
%-----------------------------------------------------------------------

@misc{oomup:ab:1,
  title = {Qualifizierungsmaßnahme Informatik: Objektorientierte Modellierung und Programmierung: Aufgabenblatt 1: Grundlagen der Objektorientierung},
  howpublished = "\url{https://www.studon.fau.de/file2495914_download.html}, Lösungen: \url{https://www.studon.fau.de/file2680509_download.html}",
  file = {AB1_Grundlagen.pdf AB1_Grundlagen_Lsg.pdf}
}

@misc{oomup:ab:2,
  title = {Qualifizierungsmaßnahme Informatik: Objektorientierte Modellierung und Programmierung: Aufgabenblatt 2: Algorithmen},
  howpublished = "\url{https://www.studon.fau.de/file2500115_download.html}, Lösungen: \url{https://www.studon.fau.de/file2500114_download.html}",
  file = {AB2_Algorithmen.pdf}
}

@misc{oomup:ab:3,
  title = {Qualifizierungsmaßnahme Informatik: Objektorientierte Modellierung und Programmierung: Aufgabenblatt 3: Algorithmen implementieren I},
  howpublished = "\url{https://www.studon.fau.de/file2511980_download.html}, Lösungen: \url{https://www.studon.fau.de/file2511979_download.html}",
  file = {AB3_Algorithmen_implementieren_I.pdf}
}

@misc{oomup:ab:4,
  title = {Qualifizierungsmaßnahme Informatik: Objektorientierte Modellierung und Programmierung: Aufgabenblatt 4: Algorithmen implementieren II},
  howpublished = "\url{https://www.studon.fau.de/file2509894_download.html}, Lösungen: \url{https://www.studon.fau.de/file2509893_download.html}",
  file = {AB4_Algorithmen_implementieren_II.pdf}
}

@misc{oomup:ab:5,
  title = {Qualifizierungsmaßnahme Informatik: Objektorientierte Modellierung und Programmierung: Aufgabenblatt 5: Vererbung},
  howpublished = "\url{https://www.studon.fau.de/file2511985_download.html}, Lösungen: \url{https://www.studon.fau.de/file2511986_download.html}",
  file = {AB5_Vererbung.pdf}
}
