% fs = Foliensatz
% pu = Präsenzübungsblätter
% ab = Aufgabenblatt (mit Lösungen)

@misc{aud:fs:1,
  title = {Qualifizierungsmaßnahme Informatik: Algorithmen und Datenstrukturen 1},
  howpublished = "\url{https://www.studon.fau.de/file2503275_download.html}",
  file = {AUD_1_Rekursion.pdf}
}

@misc{aud:fs:2,
  title = {Qualifizierungsmaßnahme Informatik: Algorithmen und Datenstrukturen 2},
  subtitle= {Sortieren, Suchen, Komplexität},
  howpublished = "\url{https://www.studon.fau.de/file2566441_download.html}",
  file = {AUD_2_Sortieren_Suchen_Komplexität.pdf}
}

@misc{aud:fs:3,
  title = {Qualifizierungsmaßnahme Informatik: Algorithmen und Datenstrukturen 3},
  subtitle= {},
  howpublished = "\url{https://www.studon.fau.de/file2566440_download.html}",
  file = {}
}

@misc{aud:fs:4,
  title = {Qualifizierungsmaßnahme Informatik: Algorithmen und Datenstrukturen 4},
  subtitle= {Listen},
  howpublished = "\url{https://www.studon.fau.de/file2601468_download.html}, \url{https://www.studon.fau.de/file2861024_download.html}",
  file = {AUD_4_Listen.pdf}
}

@misc{aud:fs:5,
  title = {Qualifizierungsmaßnahme Informatik: Algorithmen und Datenstrukturen 5},
  subtitle= {Bäume, Hashing},
  howpublished = "\url{https://www.studon.fau.de/file2619756_download.html}",
  file = {AUD_5_Bäume_Hashing.pdf}
}

@misc{aud:fs:6,
  title = {Qualifizierungsmaßnahme Informatik: Algorithmen und Datenstrukturen 6},
  subtitle= {Graphen},
  howpublished = "\url{https://www.studon.fau.de/file2635324_download.html}",
  file = {AUD_6_Graphen.pdf}
}

@misc{aud:fs:tafeluebung-10,
  title = {Algorithmen und Datenstrukturen: Tafelübung 10, WS 2018/19},
  howpublished = "\url{https://www.studon.fau.de/file2619757_download.html}",
  organization = {FAU: Lehrstuhl für Informatik 2 (Programmiersysteme)},
  file = {AUD_5_ AuD Tafelübung Foliensatz 10.pdf}
}

@misc{aud:fs:tafeluebung-11,
  title = {Algorithmen und Datenstrukturen: Tafelübung 11, WS 2018/19},
  howpublished = "\url{https://www.studon.fau.de/file2567217_download.html}",
  organization = {FAU: Lehrstuhl für Informatik 2 (Programmiersysteme)},
  file = {3. Präsenztag AuD_ AuD Tafelübung 11_Baeume_Sortieren.pdf}
}

%-----------------------------------------------------------------------
% pu
%-----------------------------------------------------------------------

@misc{aud:pu:1,
  title = {Qualifizierungsmaßnahme Informatik: Algorithmen und Datenstrukturen: Präsenzübung 1: Rekursion},
  howpublished = "Lösungen: \url{https://www.studon.fau.de/file2975682_download.html}",
  file = {PUE_AUD_1.pdf}
}

@misc{aud:pu:2,
  title = {Qualifizierungsmaßnahme Informatik: Algorithmen und Datenstrukturen: Präsenzübung 2: Sortieren, Suchen, Komplexität},
  howpublished = "\url{https://www.studon.fau.de/file2861013_download.html}, Lösungen: \url{https://www.studon.fau.de/file2878088_download.html}",
  file = {PUE_AUD_2.pdf}
}

@misc{aud:pu:3,
  title = {Qualifizierungsmaßnahme Informatik: Algorithmen und Datenstrukturen: Präsenzübung 3: Algorithmenmuster},
  howpublished = "\url{https://www.studon.fau.de/file2861014_download.html}, Lösungen: \url{https://www.studon.fau.de/file2893062_download.html} ",
  file = {PUE_AUD_3.pdf}
}

@misc{aud:pu:4,
  title = {Qualifizierungsmaßnahme Informatik: Algorithmen und Datenstrukturen: Präsenzübung 4: Listen},
  howpublished = "\url{https://www.studon.fau.de/file2861022_download.html}, Lösungen: \url{https://www.studon.fau.de/file2975903_download.html}",
  file = {PUE_AUD_4.pdf}
}

@misc{aud:pu:5,
  title = {Qualifizierungsmaßnahme Informatik: Algorithmen und Datenstrukturen: Präsenzübung 5: Bäume},
  howpublished = "\url{https://www.studon.fau.de/file2861028_download.html}, Lösungen: \url{https://www.studon.fau.de/file3022426_download.htmll}",
  file = {PUE_AUD_5.pdf}
}

@misc{aud:pu:6,
  title = {Qualifizierungsmaßnahme Informatik: Algorithmen und Datenstrukturen: Präsenzübung 6: Graphen},
  howpublished = "\url{https://www.studon.fau.de/file2861029_download.html}, Lösungen: \url{https://www.studon.fau.de/file3031463_download.html}",
  file = {PUE_AUD_6.pdf}
}

@misc{aud:pu:7,
  title = {Qualifizierungsmaßnahme Informatik: Algorithmen und Datenstrukturen: Präsenz- und Aufgabenblatt Wiederholung},
  howpublished = "\url{https://www.studon.fau.de/file2889270_download.html}, Lösungen: \url{https://www.studon.fau.de/file3081306_download.html}",
  file = {PUE_AUD_WH.pdf}
}

%-----------------------------------------------------------------------
% ab
%-----------------------------------------------------------------------

@misc{aud:ab:1,
  title = {Qualifizierungsmaßnahme Informatik: Algorithmen und Datenstrukturen: Aufgabenblatt 1: Abstrakte Klassen, Interface, Rekursion},
  howpublished = "\url{https://www.studon.fau.de/file2503080_download.html} \url{https://www.studon.fau.de/file2506785_download.html}",
  file = {AB_1_Abstrakte Klassen_Interface_Rekursion.pdf AB_1_Abstrakte Klassen_Interface_Rekursion_Lsg.pdf}
}

@misc{aud:ab:2,
  title = {Qualifizierungsmaßnahme Informatik: Algorithmen und Datenstrukturen: Aufgabenblatt 2: Rekursion, Sortieren, Komplexität},
  howpublished = "\url{https://www.studon.fau.de/file2506781_download.html}, Lösungen \url{https://www.studon.fau.de/file2506784_download.html}",
  file = {AB_2 Rekursion_Sortieren_Komplexitaet.pdf AB_2 Rekursion_Sortieren_Komplexitaet_Lsg.pdf}
}

@misc{aud:ab:3,
  title = {Qualifizierungsmaßnahme Informatik: Algorithmen und Datenstrukturen: Aufgabenblatt 3: Algorithmenmuster},
  howpublished = "\url{https://www.studon.fau.de/file2521908_download.html}, Lösungen \url{https://www.studon.fau.de/file2521907_download.html}",
  file = {AB_3 Greedy_DP_Backtracking.pdf AB_3 Greedy_DP_Backtracking_Lsg.pdf}
}

@misc{aud:ab:4,
  title = {Qualifizierungsmaßnahme Informatik: Algorithmen und Datenstrukturen: Aufgabenblatt 4: Listen, Stack, Queue},
  howpublished = "\url{https://www.studon.fau.de/file2521909_download.html}, Lösungen \url{https://www.studon.fau.de/file2521910_download.html}",
  file = {AB_4 Liste_Stack_Queue.pdf AB_4 Liste_Stack_Queue_Lsg.pdf}
}

@misc{aud:ab:5,
  title = {Qualifizierungsmaßnahme Informatik: Algorithmen und Datenstrukturen: Aufgabenblatt 5: Hashing, Bäume, Listen},
  howpublished = "\url{https://www.studon.fau.de/file2521912_download.html}, Lösungen \url{https://www.studon.fau.de/file2521911_download.html}",
  file = {AB_5 Listen_Hashing_Baum.pdf AB_5 Listen_Hashing_Baum_Lsg.pdf}
}

@misc{aud:ab:6,
  title = {Qualifizierungsmaßnahme Informatik: Algorithmen und Datenstrukturen: Aufgabenblatt 6: Graphen, Bäume},
  howpublished = "\url{https://www.studon.fau.de/file2521913_download.html}, Lösungen \url{https://www.studon.fau.de/file2521914_download.html}",
  file = {AB_6 Graphen_Baum.pdf AB_6 Graphen_Baum_Lsg.pdf}
}

@misc{aud:ab:7,
  title = {Qualifizierungsmaßnahme Informatik: Algorithmen und Datenstrukturen: Aufgabenblatt 7: Wiederholung},
  howpublished = "\url{https://www.studon.fau.de/file2593073_download.html}, Lösungen \url{https://www.studon.fau.de/file2602599_download.html}",
  file = {AB_7 Wiederholung.pdf AB_7 Wiederholung_Lsg.pdf}
}

%-----------------------------------------------------------------------
% etc
%-----------------------------------------------------------------------

@misc{aud:e-klausur,
  title = {AuD E-Klausur 2020-08},
  howpublished = "\url{https://www.studon.fau.de/studon/ilias.php?ref_id=3094560&active_id=1365341&pass=0&cmd=outUserPassDetails&cmdClass=iltestevaluationgui&cmdNode=yn:sp:16a:lg:156&baseClass=ilRepositoryGUI}",
  file = {E-Klausur 2020-08-20.pdf}
}
