% fs = Foliensatz
% pu = Präsenzübungsblätter
% ab = Aufgabenblatt (mit Lösungen)

@misc{sosy:fs:1,
  title = {Softwaresysteme: Präsenztag 1: Foliensatz: Lebenszyklus, Vorgehensmodelle, Projektmanagement},
  howpublished = "\url{https://www.studon.fau.de/file2703521_download.html}",
  file = {Praesentation 1_Lebenszyklus_Vorgehensmodelle_Projektmanagement.pdf},
}

@misc{sosy:fs:2,
  title = {Softwaresysteme: Präsenztag 2: Foliensatz: Modellierung, UML - Diagramme},
  howpublished = "\url{https://www.studon.fau.de/file2720344_download.html}",
  file = {Praesentation 2_Modellierung_UML-Diagramme.pdf},
}

@misc{sosy:fs:3,
  title = {Softwaresysteme: Präsenztag 3: Foliensatz: Projektplanung (Petri-Netze, CPM-Netzplan, Gantt-Diagramm), Design Pattern},
  howpublished = "\url{https://www.studon.fau.de/file2762383_download.html}",
  file = {Praesentation 3_Projektplanung_Design_Pattern.pdf},
}

@misc{sosy:fs:4,
  title = {Softwaresysteme: Präsenztag 4: vSoftwarearchitektur},
  howpublished = "\url{https://www.studon.fau.de/file2785768_download.html}",
  file = {Praesentation 4_Softwarearchitektur.pdf},
}

@misc{sosy:fs:5,
  title = {Softwaresysteme: Präsenztag 5: Foliensatz: Formale Verifikation und Testen},
  howpublished = "\url{https://www.studon.fau.de/file2800509_download.html}",
  file = {Praesentation 5_Verifikation_und_Testen neu (inkl. Terminierungsfunktion).pdf},
}

%-----------------------------------------------------------------------
% pu
%-----------------------------------------------------------------------

% pu:1 gib es nicht

@misc{sosy:pu:2,
  title = {Softwaresysteme: Präsenzübung 2: Modellierung, UML - Diagramme},
  howpublished = "\url{https://www.studon.fau.de/file3091998_download.html}, Lösungen: \url{https://www.studon.fau.de/file3107287_download.html}",
  file = {Praesenzuebung_2.pdf Praesenzuebung_2_A3_Lsg.pdf Praesenzuebung_2_Lsg.pdf},
}

@misc{sosy:pu:3,
  title = {Softwaresysteme: Präsenzübung 3: Projektplanung (Petri-Netze, CPM-Netzplan, Gantt-Diagramm), Design Pattern},
  howpublished = "\url{https://www.studon.fau.de/file2762382_download.html}, Lösungen: RS\_H16\_T2\_TA1\_A2\_Lsg (Wdh. UML-Diagramme von Präsenztag 2) \url{https://www.studon.fau.de/file3113301_download.html}, RS\_F16\_T2\_TA1\_A2\_Lsg (Wdh. Petri-Netze von Präsenztag 2) \url{https://www.studon.fau.de/file3113566_download.html}, GY\_H12\_T2\_TA2\_A2\_1-4\_Lsg (Übungsaufgabe CPM-Netz) \url{https://www.studon.fau.de/file3116846_download.html}",
  file = {Praesenzuebung_2.pdf Praesenzuebung_2_A3_Lsg.pdf Praesenzuebung_2_Lsg.pdf},
}

@misc{sosy:pu:4,
  title = {Softwaresysteme: Präsenzübung 4: Softwarearchitektur},
  howpublished = "Präsentation 4\_Softwarearchitektur \url{https://www.studon.fau.de/file2785768_download.html}, Lösung: RS\_F15\_T1\_TA1\_A3\_Lsg (Wiederholung CPM-Netzplan und Gantt-Diagramm) \url{https://www.studon.fau.de/file3118290\_download.html}, RS\_F16\_T2\_TA1\_A2\_Erweiterung\_Lsg (Wiederholung Darstellungsmatrix und Belegungsvektor Petri-Netze) \url{https://www.studon.fau.de/file3120559_download.html}",
  file = {Praesenzuebung_4.pdf},
}

@misc{sosy:pu:4:1,
  title = {Softwaresysteme: Präsenzübung 4 Aufgabe 1},
  howpublished = "RS\_F15\_T1\_TA1\_A3\_Lsg (Wiederholung CPM-Netzplan und Gantt-Diagramm) \url{https://www.studon.fau.de/file3118290\_download.html}",
  file = {Praesenzuebung_4.pdf RS_F15_T1_TA1_A3_Lsg.pdf},
}

@misc{sosy:pu:4:2,
  title = {Softwaresysteme: Präsenzübung 4 Aufgabe 2},
  howpublished = "RS\_F16\_T2\_TA1\_A2\_Erweiterung\_Lsg (Wiederholung Darstellungsmatrix und Belegungsvektor Petri-Netze) \url{https://www.studon.fau.de/file3120559_download.html}",
  file = {Praesenzuebung_4.pdf RS_F16_T2_TA1_A2_Erweiterung_Lsg.pdf},
}

@misc{sosy:pu:4:3,
  title = {Softwaresysteme: Präsenzübung 4 Aufgabe 3},
  howpublished = "",
  file = {Praesenzuebung_4.pdf Herbst2017_Thema2TA1Aufgabe3a.pdf Loesungsvorschlag Praesenzuebungsblatt 4b.pdf Praesenztag4_PUE_Aufgabe c.pdf Praesenzuebung4_A3_Lsg_v2.pdf},
}

@misc{sosy:pu:5:1,
  title = {Softwaresysteme: Präsenzübung 5 Aufgabe 1 „hanoi“ 46116 – Frühjahr 2014 – Thema 2 Teilaufgabe 1 Aufgabe 1},
  howpublished = "Angabe \url{https://www.studon.fau.de/file2800513_download.html}, Lösung: SoSy\_Hanoi\_Mitschrift\_2020\_10\_09.pdf \url{https://www.studon.fau.de/file3309439_download.html}",
  file = {Praesenzuebung_5.pdf SoSy_Hanoi_Mitschrift_2020_10_09.pdf},
}

@misc{sosy:pu:5:2,
  title = {Softwaresysteme: Präsenzübung 5 Aufgabe 2 „bubblesort“ 46116 – Herbst 2017 – Thema 1 Teilaufgabe 1 Aufgabe 4},
  howpublished = "Angabe \url{https://www.studon.fau.de/file2800513_download.html}",
  file = {Praesenzuebung_5.pdf RS_H17_T1_TA1_A4_Lsg.pdf},
}

@misc{sosy:pu:5:3,
  title = {Softwaresysteme: Präsenzübung 5 Aufgabe 3 „palindrom“},
  howpublished = "Angabe \url{https://www.studon.fau.de/file2800513_download.html}",
  file = {Praesenzuebung_5.pdf RS_H15_T2_TA1_A2_Lsg.pdf RS_H15_T2_TA1_A2_Lsg (handschriftlich).pdf},
}

@misc{sosy:pu:5:4,
  title = {Softwaresysteme: Präsenzübung 5 Aufgabe 4 „ascii“},
  howpublished = "Angabe \url{https://www.studon.fau.de/file2800513_download.html}",
  file = {Praesenzuebung_5.pdf RS_H15_T2_TA1_A3_Lsg.pdf Praesenzuebung_5_Lsg_Formale_Verifikation_b.pdf Praesenzuebung_5_Lsg_Formale_Verifikation_c.pdf},
}

%-----------------------------------------------------------------------
% ab
%-----------------------------------------------------------------------

@misc{sosy:ab:1,
  title = {Softwaresysteme: Arbeitsblatt 1: Software-Lebenszyklus und Prozessmodelle},
  howpublished = "\url{https://www.studon.fau.de/file2594296_download.html}, Lösung: \url{https://www.studon.fau.de/file2594297_download.html}",
  file = {AB_1 Prozessmodelle.pdf AB_1 Prozessmodelle_Lsg.pdf},
}

@misc{sosy:ab:2,
  title = {Softwaresysteme: Arbeitsblatt 2: Anforderungsermittlung},
  howpublished = "\url{https://www.studon.fau.de/file2607768_download.html}, Lösung: \url{https://www.studon.fau.de/file2607769_download.html}",
  file = {AB_2 Anforderungsermittlung.pdf AB_2 Anforderungsermittlung_Lsg.pdf},
}

@misc{sosy:ab:3,
  title = {Softwaresysteme: Arbeitsblatt 3: Modellierung},
  howpublished = "\url{https://www.studon.fau.de/file2610951_download.html}, Lösung: \url{https://www.studon.fau.de/file2610954_download.html}",
  file = {AB_3 Modellierung.pdf AB_3 Modellierung_Lsg.pdf},
}

@misc{sosy:ab:4,
  title = {Softwaresysteme: Arbeitsblatt 4: Petri-Netze},
  howpublished = "\url{https://www.studon.fau.de/file2615255_download.html}, Lösung: \url{https://www.studon.fau.de/file2615563_download.html}",
  file = {AB_4 c1_Petri-Netze.pdf AB_4 c1_Petri-Netze_Lsg.pdf},
}

@misc{sosy:ab:5,
  title = {Softwaresysteme: Arbeitsblatt 5: Netzplantechnik, Gantt-Diagramm},
  howpublished = "\url{https://www.studon.fau.de/file2627104_download.html}, Lösung: \url{https://www.studon.fau.de/file2627103_download.html}",
  file = {AB_5 c2_Netzplantechnik_Gantt.pdf AB_5 c2_Netzplantechnik_Gantt_Lsg.pdf},
}

@misc{sosy:ab:6,
  title = {Softwaresysteme: Arbeitsblatt 6: Design-Pattern},
  howpublished = "\url{https://www.studon.fau.de/file2611034_download.html}, Lösung: \url{https://www.studon.fau.de/file2611036_download.html}",
  file = {AB_6 Design-Pattern.pdf AB_6 Design-Pattern_Lsg.pdf},
}

@misc{sosy:ab:7,
  title = {Softwaresysteme: Arbeitsblatt 7: Testen},
  howpublished = "\url{https://www.studon.fau.de/file2648953_download.html}, Lösung: \url{https://www.studon.fau.de/file2648954_download.html}",
  file = {AB_7 c3_Testen.pdf AB_7 c3_Testen_Lsg.pdf},
}

@misc{sosy:ab:8,
  title = {Softwaresysteme: Arbeitsblatt 8: Formale Verifikation},
  howpublished = "\url{https://www.studon.fau.de/file2664186_download.html}, Lösung: \url{https://www.studon.fau.de/file2664187_download.html}",
  file = {AB_8 c4_Formale_Verifikation.pdf AB_8 c4_Formale_Verifikation_Lsg.pdf},
}

@misc{sosy:ab:9,
  title = {Softwaresysteme: Arbeitsblatt 9: Zusammenfassende Wiederholung, Qualitätsmanagement},
  howpublished = "\url{https://www.studon.fau.de/file2615561_download.html}, Lösung: \url{https://www.studon.fau.de/file2615562_download.html}",
  file = {AB_9 zsf_Wdh_Qualitaetsmanagement.pdf AB_9 zsf_Wdh_Qualitaetsmanagement_Lsg.pdf},
}

@misc{sosy:e-klausur,
  title = {Softwaresysteme: E-Klausur},
  howpublished = "\url{https://www.studon.fau.de/studon/ilias.php?ref_id=3193480&active_id=1466459&cmdClass=iltestevaluationgui&cmdNode=z0:t2:16n:lt:15j&baseClass=ilRepositoryGUI}",
  file = {},
}
