% fs = Foliensatz
% ab = Aufgabenblatt (mit Lösungen)

@misc{theo:fs:1,
  title = {Theoretische Informatik – Reguläre Sprachen},
  file = {1 - Regulaere Sprachen.pdf},
}

@misc{theo:fs:2,
  title = {Theoretische Informatik – Kontextfreie Sprachen},
  file = {2 - Kontextfreie Sprachen.pdf},
}

@misc{theo:fs:3,
  title = {Theoretische Informatik – Typ-1- und Typ-0-Sprachen},
  file = {3 - Kontextsensitive und unbeschraenkte Sprachen.pdf},
}

@misc{theo:fs:4,
  title = {Theoretische Informatik – Berechenbarkeit und Entscheidbarkeit},
  file = {4 - Berechenbarkeit und Komplexitaetstheorie.pdf},
}

%-----------------------------------------------------------------------
% ab
%-----------------------------------------------------------------------

@misc{theo:ab:1,
  title = {Theoretische Informatik: Aufgabenblatt 1: Reguläre Sprachen},
  file = {1-Aufgabenblatt-RegulaereSprachen-Angabe.pdf 1-Aufgabenblatt-RegulaereSprachen-Loesung.pdf},
}

@misc{theo:ab:2,
  title = {Theoretische Informatik: Aufgabenblatt 2: Kontextfreie Sprachen},
  file = {2-Aufgabenblatt-KontextfreieSprachen - Angabe.pdf 2-Aufgabenblatt-KontextfreieSprachen - Loesung.pdf},
}

@misc{theo:ab:3,
  title = {Theoretische Informatik: Aufgabenblatt 3: Kontextsensitive Sprachen \& Chomsky-0-Sprachen},
  file = {3-Aufgabenblatt-KontextsensitiveaunbeschraenkteSprachen.pdf 3-Aufgabenblatt-KontextsensitiveaunbeschraenkteSprachen Loesung.pdf},
}

@misc{theo:ab:4,
  title = {Theoretische Informatik: Aufgabenblatt 4: Berechenbarkeit, Entscheidbarkeit \& Komplexitätstheorie},
  file = {4-Aufgabenblatt-BerechenbarkeitaKomplexitaet-Angabe.pdf 4-Aufgabenblatt-BerechenbarkeitaKomplexitaet-Loesung.pdf},
}

@misc{theo:ab:5,
  title = {Theoretische Informatik: Aufgabenblatt 5: Überblick},
  file = {5-Aufgabenblatt-Praesenzuebung-Angabe.pdf 5-Aufgabenblatt-Praesenzuebung-Loesung.pdf},
}

%-----------------------------------------------------------------------
% ebooks
%-----------------------------------------------------------------------

@misc{hoffmann,
  title = {Theoretische Informatik},
  author = {Dirk W. Hoffmann},
  isbn = {978-3-446-45793-5},
  year = {2018},
  edition = {4},
  publisher = {Hanser},
  file = {Hoffmann - Theoretische-Informatik.pdf},
}

@misc{koenig,
  title = {100 Übungsaufgaben zu Grundlagen der Informatik},
  subtitle = {Band I: Theoretische Informatik},
  author = {Lukas König and Friederike Pfeiffer-Bohnen and Prof. Dr. Hartmut Schmeck},
  isbn = {978-3-486-73179-8},
  year = {2014},
  edition = {1},
  publisher = {Oldenburg},
  file = {Schmeck - 100 Übungsaufgaben zu Grundlagen der Informatik (Band I)},
}

@misc{meinel,
  title = {Mathematische Grundlagen der Informatik},
  subtitle = {Mathematisches Denken und Beweisen - Eine Einführung},
  author = {Christoph Meinel and Martin Mundhenk},
  isbn = {978-3-658-09885-8},
  year = {2015},
  edition = {6},
  publisher = {Springer Vieweg},
  file = {Meinel - Mathematische Grundlagen der Informatik.pdf},
}

@misc{vossen,
  title = {Grundkurs Theoretische Informatik},
  subtitle = {Eine anwendungsbezogene Einführung – Für Studierende in allen Informatik-Studiengängen},
  author = {Gottfried Vossen and Kurt-Ulrich Witt},
  isbn = {978-3-8348-1770-9},
  year = {2016},
  edition = {6},
  publisher = {Springer Vieweg},
  file = {Vossen - Grundkurs Theoretische Informatik.pdf},
}

%-----------------------------------------------------------------------
% wikipedia
%-----------------------------------------------------------------------

%%
% a
%%

@misc{wiki:aequivalenzproblem,
  title = {Wikipedia-Artikel „Äquivalenzproblem“},
  howpublished = "\url{https://de.wikipedia.org/wiki/Äquivalenzproblem}",
}

@misc{wiki:abgeschlossenheit,
  title = {Wikipedia-Artikel „Abgeschlossenheit (algebraische Struktur)“},
  howpublished = "\url{https://de.wikipedia.org/wiki/Abgeschlossenheit_(algebraische_Struktur)}",
}

%%
% b
%%

@misc{wiki:bijektiv,
  title = {Wikipedia-Artikel „Bijektive Funktion“},
  howpublished = "\url{https://de.wikipedia.org/wiki/Bijektive_Funktion}",
}

%%
% c
%%

@misc{wiki:charakteristische-funktion,
  title = {Wikipedia-Artikel „Charakteristische Funktion / Indikatorfunktion“},
  howpublished = "\url{https://de.wikipedia.org/wiki/Indikatorfunktion}",
}

@misc{wiki:chomsky,
  title = {Wikipedia-Artikel „Chomsky-Hierarchie“},
  howpublished = "\url{https://de.wikipedia.org/wiki/Chomsky-Hierarchie}",
}

@misc{wiki:chomsky-normalform,
  title = {Wikipedia-Artikel „Chomsky-Normalform“},
  howpublished = "\url{https://de.wikipedia.org/wiki/Chomsky-Normalform}",
}

@misc{wiki:church-these,
  title = {Wikipedia-Artikel „Church-Turing-These“},
  howpublished = "\url{https://de.wikipedia.org/wiki/Church-Turing-These}",
}

@misc{wiki:cyk,
  title = {Wikipedia-Artikel „Cocke-Younger-Kasami-Algorithmus“},
  howpublished = "\url{https://de.wikipedia.org/wiki/Cocke-Younger-Kasami-Algorithmus}",
}

%%
% d
%%

@misc{wiki:dfa,
  title = {Wikipedia-Artikel „Deterministischer endlicher Automat“},
  howpublished = "\url{https://de.wikipedia.org/wiki/Deterministischer_endlicher_Automat}",
}

@misc{wiki:dpda,
  title = {Wikipedia-Artikel „Deterministic pushdown automaton“},
  howpublished = "\url{https://de.wikipedia.org/wiki/Deterministic_pushdown_automaton}",
}

%%
% e
%%

@misc{wiki:entscheidbar,
  title = {Wikipedia-Artikel „Entscheidbar“},
  howpublished = "\url{https://de.wikipedia.org/wiki/Entscheidbar}",
}

@misc{wiki:endlichkeitsproblem,
  title = {Wikipedia-Artikel „Endlichkeitsproblem“},
  howpublished = "\url{https://de.wikipedia.org/wiki/Endlichkeitsproblem}",
}

% Erfüllbarkeitsproblem der Aussagenlogik siehe sat

%%
% f
%%

@misc{wiki:formale-sprache,
  title = {Wikipedia-Artikel „Formale Sprache“},
  howpublished = "\url{https://de.wikipedia.org/wiki/Formale_Sprache}",
}

@misc{wiki:funktion,
  title = {Wikipedia-Artikel „Funktion (Mathematik)“},
  howpublished = "\url{https://de.wikipedia.org/wiki/Funktion_(Mathematik)}",
}

@misc{wiki:busy-beaver,
  title = {Wikipedia-Artikel „Fleißiger Biber“},
  howpublished = "\url{https://de.wikipedia.org/wiki/Fleißiger_Biber}",
}

%%
% i
%%

@misc{wiki:injektiv,
  title = {Wikipedia-Artikel „Injektive Funktion“},
  howpublished = "\url{https://de.wikipedia.org/wiki/Injektive_Funktion}",
}

%%
% k
%%

@misc{wiki:karps-21,
  title = {Wikipedia-Artikel „Karps 21 NP-vollständige Probleme”},
  howpublished = "\url{https://de.wikipedia.org/wiki/Karps_21_NP-vollständige_Probleme}",
}

@misc{wiki:pda,
  title = {Wikipedia-Artikel „Kellerautomat”},
  howpublished = "\url{https://de.wikipedia.org/wiki/Kellerautomat}",
}

@misc{wiki:kleensche-huelle,
  title = {Wikipedia-Artikel „Kleenesche und positive Hülle”},
  howpublished = "\url{https://de.wikipedia.org/wiki/Kleenesche_und_positive_Hülle}",
}

@misc{wiki:komplement,
  title = {Wikipedia-Artikel „Komplement (Mengenlehre)”},
  howpublished = "\url{https://de.wikipedia.org/wiki/Komplement_(Mengenlehre)}",
}

@misc{wiki:knotenueberdeckung,
  title = {Wikipedia-Artikel „Knotenüberdeckung”},
  howpublished = "\url{https://de.wikipedia.org/wiki/Knotenüberdeckung}",
}

%%
% l
%%

@misc{wiki:loop,
  title = {Wikipedia-Artikel „LOOP-Programm”},
  howpublished = "\url{https://de.wikipedia.org/wiki/LOOP-Programm}",
}

@misc{wiki:leerheitsproblem,
  title = {Wikipedia-Artikel „Leerheitsproblem”},
  howpublished = "\url{https://de.wikipedia.org/wiki/Leerheitsproblem}",
}

@misc{wiki:lba,
  title = {Wikipedia-Artikel „Linear beschränkte Turingmaschine”},
  howpublished = "\url{https://de.wikipedia.org/wiki/Linear_beschränkte_Turingmaschine}",
}

%%
% m
%%

@misc{wiki:mehrdeutig,
  title = {Wikipedia-Artikel „Mehrdeutige Grammatik“},
  howpublished = "\url{https://de.wikipedia.org/wiki/Mehrdeutige_Grammatik}",
}

@misc{wiki:menge,
  title = {Wikipedia-Artikel „Menge (Mathematik)“},
  howpublished = "\url{https://de.wikipedia.org/wiki/Menge_(Mathematik)}",
}

%%
% n
%%

@misc{wiki:nfa,
  title = {Wikipedia-Artikel „Nichtdeterministischer endlicher Automat“},
  howpublished = "\url{https://de.wikipedia.org/wiki/Nichtdeterministischer_endlicher_Automat}",
}

@misc{wiki:ntm,
  title = {Wikipedia-Artikel „Nichtdeterministische Turingmaschine“},
  howpublished = "\url{https://de.wikipedia.org/wiki/Nichtdeterministische_Turingmaschine}",
}

@misc{wiki:np,
  title = {Wikipedia-Artikel „NP (Komplexitätsklasse)“},
  howpublished = "\url{https://de.wikipedia.org/wiki/NP_(Komplexitätsklasse)}",
}

@misc{wiki:np-vollstaendig,
  title = {Wikipedia-Artikel „NP-Vollständigkeit“},
  howpublished = "\url{https://de.wikipedia.org/wiki/NP-Vollständigkeit}",
}

@misc{wiki:np-schwer,
  title = {Wikipedia-Artikel „NP-Schwere“},
  howpublished = "\url{https://de.wikipedia.org/wiki/NP-Schwere}",
}

%%
% p
%%

@misc{wiki:potenzmenge,
  title = {Wikipedia-Artikel „Potenzmenge“},
  howpublished = "\url{https://de.wikipedia.org/wiki/Potenzmenge}",
}

@misc{wiki:potenzmengenkonstruktion,
  title = {Wikipedia-Artikel „Potenzmengenkonstruktion“},
  howpublished = "\url{https://de.wikipedia.org/wiki/Potenzmengenkonstruktion}",
}

@misc{wiki:produktionsregel,
  title = {Wikipedia-Artikel „Produktionsregel“},
  howpublished = "\url{https://de.wikipedia.org/wiki/Produktionsregel}",
}

@misc{wiki:pumping,
  title = {Wikipedia-Artikel „Pumping-Lemma“},
  howpublished = "\url{https://de.wikipedia.org/wiki/Pumping-Lemma}",
}

%%
% r
%%

@misc{wiki:relation,
  title = {Wikipedia-Artikel „Relation (Mathematik)“},
  howpublished = "\url{https://de.wikipedia.org/wiki/Relation_(Mathematik)}",
}

@misc{wiki:rekursiv-aufzaehlbar,
  title = {Wikipedia-Artikel „Rekursiv aufzählbare Menge“},
  howpublished = "\url{https://de.wikipedia.org/wiki/Rekursiv_aufzählbare_Menge}",
}

@misc{wiki:rekursiv-aufzaehlbare-sprache,
  title = {Wikipedia-Artikel „Rekursiv aufzählbare Sprache“},
  howpublished = "\url{https://de.wikipedia.org/wiki/Rekursiv_aufzählbare_Sprache}",
}

@misc{wiki:registermaschine,
  title = {Wikipedia-Artikel „Registermaschine“},
  howpublished = "\url{https://de.wikipedia.org/wiki/Registermaschine}",
}

%%
% s
%%

@misc{wiki:surjektiv,
  title = {Wikipedia-Artikel „Surjektive Funktion“},
  howpublished = "\url{https://de.wikipedia.org/wiki/Surjektive_Funktion}",
}

@misc{wiki:schnittproblem,
  title = {Wikipedia-Artikel „Schnittproblem“},
  howpublished = "\url{https://de.wikipedia.org/wiki/Schnittproblem}",
}

@misc{wiki:sat,
  title = {Wikipedia-Artikel „Erfüllbarkeitsproblem der Aussagenlogik“},
  howpublished = "\url{https://de.wikipedia.org/wiki/Erfüllbarkeitsproblem_der_Aussagenlogik}",
}

%%
% t
%%

@misc{wiki:terminal,
  title = {Wikipedia-Artikel „Terminalsymbol“},
  howpublished = "\url{https://de.wikipedia.org/wiki/Terminalsymbol}",
}

@misc{wiki:tm,
  title = {Wikipedia-Artikel „Turingmaschine“},
  howpublished = "\url{https://de.wikipedia.org/wiki/Turingmaschine}",
}

@misc{wiki:teilsummenproblem,
  title = {Wikipedia-Artikel „Teilsummenproblem“},
  howpublished = "\url{https://de.wikipedia.org/wiki/Teilsummenproblem}",
}

%%
% w
%%

@misc{wiki:while,
  title = {Wikipedia-Artikel „WHILE-Programm”},
  howpublished = "\url{https://de.wikipedia.org/wiki/WHILE-Programm}",
}

@misc{wiki:wortproblem,
  title = {Wikipedia-Artikel „Wortproblem”},
  howpublished = "\url{https://de.wikipedia.org/wiki/Wortproblem}",
}
