% fs = Foliensatz
% ab = Aufgabenblatt (mit Lösungen)

@misc{theoinf:fs:1,
  title = {Theoretische Informatik – Reguläre Sprachen},
  file = {1 - Regulaere Sprachen.pdf},
}

%-----------------------------------------------------------------------
% ab
%-----------------------------------------------------------------------

@misc{theoinf:ab:1,
  title = {Theoretische Informatik: Aufgabenblatt 1: Reguläre Sprachen},
  file = {1-Aufgabenblatt-RegulaereSprachen-Angabe.pdf 1-Aufgabenblatt-RegulaereSprachen-Loesung.pdf},
}

@misc{theoinf:ab:2,
  title = {Theoretische Informatik: Aufgabenblatt 2: Kontextfreie Sprachen},
  file = {2-Aufgabenblatt-KontextfreieSprachen - Angabe.pdf 2-Aufgabenblatt-KontextfreieSprachen - Loesung.pdf},
}

@misc{theoinf:ab:3,
  title = {Theoretische Informatik: Aufgabenblatt 3: Kontextsensitive Sprachen \& Chomsky-0-Sprachen},
  file = {3-Aufgabenblatt-KontextsensitiveaunbeschraenkteSprachen.pdf 3-Aufgabenblatt-KontextsensitiveaunbeschraenkteSprachen Loesung.pdf},
}

@misc{theoinf:ab:4,
  title = {Theoretische Informatik: Aufgabenblatt 4: Berechenbarkeit, Entscheidbarkeit \& Komplexitätstheorie},
  file = {4. Aufgabenblatt BerechenbarkeitaKomplexitaet - Angabe.pdf 4. Aufgabenblatt BerechenbarkeitaKomplexitaet - Loesung.pdf},
}

@misc{theoinf:ab:5,
  title = {Theoretische Informatik: Aufgabenblatt 5: Überblick},
  file = {5-Aufgabenblatt-Praesenzuebung - Angabe.pdf 5-Aufgabenblatt-Praesenzuebung - Loesung.pdf},
}
