% fs = Foliensatz
% ab = Aufgabenblatt (mit Lösungen)

@misc{fumup:fs:1,
  title = {Funktionale Modellierung und Programmierung},
  file = {FuMup.pdf},
}

%-----------------------------------------------------------------------
% ab
%-----------------------------------------------------------------------

@misc{fumup:ab:1,
  title = {Weiterbildungsmaßnahme Modul 2.3: FuMuP, Übungsblatt 01 – Tabellenkalkulation und DFD},
  file = {1 Tabellenkalkulation und DFD (1).pdf},
}

@misc{fumup:ab:2,
  title = {Weiterbildungsmaßnahme Modul 2.3: FuMuP, Übungsblatt 02 – Funktionale Programmierung},
  file = {2 Tabellenkalkulation und DFD (2).pdf},
}

@misc{fumup:ab:3,
  title = {Weiterbildungsmaßnahme Modul 2.3: FuMuP, Übungsblatt 03 – Funktionale Programmierung},
  file = {3 Funktionale Programmierung.pdf},
}

%-----------------------------------------------------------------------
% ebooks
%-----------------------------------------------------------------------

%-----------------------------------------------------------------------
% wikipedia
%-----------------------------------------------------------------------
