@misc{ddi:fs:1,
  title = {Qualifizierungsmaßnahme Informatik - Fachdidaktik Theoretische Grundlagen 1},
  file = {Theoretische Grundlagen1.pdf}
}

@misc{ddi:fs:2,
  title = {Qualifizierungsmaßnahme Informatik - Fachdidaktik Theoretische Grundlagen 2},
  file = {Theoretische Grundlagen2.pdf}
}
