% fs = Foliensatz
% pu = Präsenzübungsblätter
% ab = Aufgabenblatt (mit Lösungen)

@book{schneider,
  title = {Taschenbuch der Informatik},
  author = {Uwe Schneider},
  isbn = {9783446426382},
  year = {2012},
  edition = {7},
  publisher = {Hanser}
}

%-----------------------------------------------------------------------
% Online PDF
%-----------------------------------------------------------------------

@misc{net:pdf:zustandsdiagramm,
  title = {Objektorientierte Modellierung Zustandsdiagramm},
  organization = {Business Informatics Group, TU Wien},
  howpublished = "\url{http://www.uml.ac.at/wp-content/uploads/teaching/04_Zustandsdiagramm_Folien.pdf}",
  note = {aufgerufen 2020-05-04}
}

@misc{net:pdf:uzh-zuerich:uebung-4,
  title = {Informatik für Ökonomen II, HS 2020, Übung 4},
  organization = {Universität Zürich UZH},
  howpublished = "\url{https://files.ifi.uzh.ch/rerg/amadeus/teaching/courses/inf_oek_2_hs10/uebungen/uebung_4_loesung.pdf}",
  note = {aufgerufen 2020-05-05}
}

@misc{net:pdf:wikiversity:klassendiagramm,
  title = {Fachdidaktik der Informatik, 18.12.08, Klassendiagramme},
  organization = {Wikiversity},
  howpublished = "\url{https://upload.wikimedia.org/wikiversity/de/b/b9/Klassendiagramme.pdf}",
  note = {aufgerufen 2020-05-05}
}

@misc{net:pdf:wikiversity:zustandsdiagramm,
  title = {Fachdidaktik der Informatik, 18.12.08, Zustandsdiagramme},
  organization = {Wikiversity},
  howpublished = "\url{https://upload.wikimedia.org/wikiversity/de/d/db/Zustandsdiagramme.pdf}",
  note = {aufgerufen 2020-05-05}
}

@misc{net:pdf:informatik-biber-2010,
  title = {Aufgaben und Lösungen 2010},
  organization = {Informatik-Biber},
  howpublished = "\url{https://bwinf.de/fileadmin/biber/2010/Biberheft2010-mit-Loesungen.pdf}",
  note = {aufgerufen 2020-05-14}
}

@misc{net:pdf:informatik-biber-2012,
  title = {Aufgaben und Lösungen 2012},
  organization = {Informatik-Biber},
  howpublished = "\url{https://bwinf.de/fileadmin/biber/2012/Biberheft2012-mit-Loesungen.pdf}",
  note = {aufgerufen 2020-05-14}
}

@misc{net:pdf:nikolaus,
  title = {Haus des Nikolaus (Backtracking)},
  author = {Horst Gierhardt},
  organization = {Informatik in der Oberstufe},
  howpublished = "\url{http://www.oberstufeninformatik.de/bluej/Rekursion/Nikolaus.pdf}",
  note = {aufgerufen 2020-06-21}
}

@misc{net:pdf:lmu:dbs,
  title = {Einführung in die Informatik: Systeme und Anwendungen},
  author = {PD Dr. Peer Kröger},
  organization = {LMU München},
  howpublished = "\url{https://www.dbs.ifi.lmu.de/Lehre/InfoNF/SS09/slides/InfoNF_03_Teil03.pdf}",
  note = {aufgerufen 2020-06-22}
}

%-----------------------------------------------------------------------
% Online HTML
%-----------------------------------------------------------------------

@misc{net:html:gehaxelt:rekursionsarten,
  title = {Die verschiedenen Rekursionsarten},
  organization = {Gehaxelts Blog},
  howpublished = "\url{https://www.gehaxelt.in/blog/die-verschiedenen-rekursionsarten/}",
  note = {aufgerufen 2020-05-04}
}

@misc{net:html:tu-dortmund:uebung-softwaretechnik,
  title = {Übungsblätter 1-13, 2014, Aufgaben und Lösungen},
  organization = {TU Dortmund},
  howpublished = "\url{https://www.studocu.com/de/document/technische-universitaet-dortmund/softwaretechnik/uebungen/uebungsblaetter-1-13-2014-aufgaben-und-loesungenpdf/280982/view}",
  note = {aufgerufen 2020-05-05}
}

@misc{net:html:pns-berlin:uebung-1,
  title = {Grundkurs Bluej Übung 1},
  organization = {PNS Berlin},
  howpublished = "\url{https://www.pns-berlin.de/index.php?id=gk-bluej-ubg1}",
  note = {aufgerufen 2020-02-01}
}

@misc{net:html:wikiversity:wechselgeld,
  title = {Kurs:Algorithmen und Datenstrukturen/Vorlesung/Greedyalgorithmen Wechselgeldalgorithmus},
  organization = {Wikiversity},
  howpublished = "\url{https://de.wikiversity.org/wiki/Kurs:Algorithmen_und_Datenstrukturen/Vorlesung/Greedyalgorithmen_Wechselgeldalgorithmus}",
  note = {aufgerufen 2020-05-11}
}

@misc{net:html:github:latex-examples,
  title = {LaTeX-examples},
  author = {Martin Thoma},
  howpublished = "\url{https://github.com/MartinThoma/LaTeX-examples}",
  note = {aufgerufen 2020-05-16}
}

@misc{net:html:visualgo,
  title = {VisuAlgo},
  author = {Dr. Steven Halim},
  organization = {National University of Singapore (NUS)},
  howpublished = "\url{https://visualgo.net/en}",
  note = {aufgerufen 2020-05-17}
}

@misc{net:html:mathebibel,
  title = {Mathebibel},
  author = {Andreas Schneider},
  howpublished = "\url{https://www.mathebibel.de}",
  note = {aufgerufen 2020-08-18}
}
