% 03 Frühjahr
% 09 Herbst

%%
% Staatsexamen 46115 Theoretische Informatik / Algorithmen / Datenstrukturen (nicht vertieft)
%%

@misc{examen:46115:2011:03,
  title = {Staatsexamen 46115 Theoretische Informatik / Algorithmen / Datenstrukturen (nicht vertieft) 2011 Frühjahr},
  howpublished = "\url{https://raw.githubusercontent.com/hbschlang/lehramt-informatik/master/Staatsexamen/46115/2011-03.pdf}",
}

@misc{examen:46115:2013:03,
  title = {Staatsexamen 46115 Theoretische Informatik / Algorithmen / Datenstrukturen (nicht vertieft) 2013 Frühjahr},
  howpublished = "\url{https://raw.githubusercontent.com/hbschlang/lehramt-informatik/master/Staatsexamen/46115/2013-03.pdf}",
}

@misc{examen:46115:2014:03,
  title = {Staatsexamen 46115 Theoretische Informatik / Algorithmen / Datenstrukturen (nicht vertieft) 2014 Frühjahr},
  howpublished = "\url{https://raw.githubusercontent.com/hbschlang/lehramt-informatik/master/Staatsexamen/46115/2014-03.pdf}",
}

@misc{examen:46115:2014:09,
  title = {Staatsexamen 46115 Theoretische Informatik / Algorithmen / Datenstrukturen (nicht vertieft) 2014 Herbst},
  howpublished = "\url{https://raw.githubusercontent.com/hbschlang/lehramt-informatik/master/Staatsexamen/46115/2014-09.pdf}",
}

@misc{examen:46115:2015:09,
  title = {Staatsexamen 46115 Theoretische Informatik / Algorithmen / Datenstrukturen (nicht vertieft) 2015 Herbst},
  howpublished = "\url{https://raw.githubusercontent.com/hbschlang/lehramt-informatik/master/Staatsexamen/46115/2015-09.pdf}",
}

@misc{examen:46115:2016:09,
  title = {Staatsexamen 46115 Theoretische Informatik / Algorithmen / Datenstrukturen (nicht vertieft) 2016 Herbst},
  howpublished = "\url{https://raw.githubusercontent.com/hbschlang/lehramt-informatik/master/Staatsexamen/46115/2016-09.pdf}",
}

@misc{examen:46115:2017:09,
  title = {Staatsexamen 46115 Theoretische Informatik / Algorithmen / Datenstrukturen (nicht vertieft) 2017 Herbst},
  howpublished = "\url{https://raw.githubusercontent.com/hbschlang/lehramt-informatik/master/Staatsexamen/46115/2017-09.pdf}",
}

@misc{examen:46115:2018:03,
  title = {Staatsexamen 46115 Theoretische Informatik / Algorithmen / Datenstrukturen (nicht vertieft) 2018 Frühjahr},
  howpublished = "\url{https://raw.githubusercontent.com/hbschlang/lehramt-informatik/master/Staatsexamen/46115/2018-03.pdf}",
}

@misc{examen:46115:2018:09,
  title = {Staatsexamen 46115 Theoretische Informatik / Algorithmen / Datenstrukturen (nicht vertieft) 2018 Herbst},
  howpublished = "\url{https://raw.githubusercontent.com/hbschlang/lehramt-informatik/master/Staatsexamen/46115/2018-09.pdf}",
}

%%
% Staatsexamen 46116 Softwaretechnologie / Datenbanksysteme (nicht vertieft)
%%

@misc{examen:46116:2012:03,
  title = {Staatsexamen 46116 Softwaretechnologie / Datenbanksysteme (nicht vertieft) 2012 Frühjahr},
  howpublished = "\url{https://raw.githubusercontent.com/hbschlang/lehramt-informatik/master/Staatsexamen/46116/2012-03.pdf}",
}

@misc{examen:46116:2012:09,
  title = {Staatsexamen 46116 Softwaretechnologie / Datenbanksysteme (nicht vertieft) 2012 Herbst},
  howpublished = "\url{https://raw.githubusercontent.com/hbschlang/lehramt-informatik/master/Staatsexamen/46116/2012-09.pdf}",
}

@misc{examen:46116:2013:03,
  title = {Staatsexamen 46116 Softwaretechnologie / Datenbanksysteme (nicht vertieft) 2013 Frühjahr},
  howpublished = "\url{https://raw.githubusercontent.com/hbschlang/lehramt-informatik/master/Staatsexamen/46116/2013-03.pdf}",
}

@misc{examen:46116:2013:09,
  title = {Staatsexamen 46116 Softwaretechnologie / Datenbanksysteme (nicht vertieft) 2013 Herbst},
  howpublished = "\url{https://raw.githubusercontent.com/hbschlang/lehramt-informatik/master/Staatsexamen/46116/2013-09.pdf}",
}

@misc{examen:46116:2014:03,
  title = {Staatsexamen 46116 Softwaretechnologie / Datenbanksysteme (nicht vertieft) 2014 Frühjahr},
  howpublished = "\url{https://raw.githubusercontent.com/hbschlang/lehramt-informatik/master/Staatsexamen/46116/2014-03.pdf}",
}

@misc{examen:46116:2014:09,
  title = {Staatsexamen 46116 Softwaretechnologie / Datenbanksysteme (nicht vertieft) 2014 Herbst},
  howpublished = "\url{https://raw.githubusercontent.com/hbschlang/lehramt-informatik/master/Staatsexamen/46116/2014-09.pdf}",
}

@misc{examen:46116:2015:03,
  title = {Staatsexamen 46116 Softwaretechnologie / Datenbanksysteme (nicht vertieft) 2015 Frühjahr},
  howpublished = "\url{https://raw.githubusercontent.com/hbschlang/lehramt-informatik/master/Staatsexamen/46116/2015-03.pdf}",
}

@misc{examen:46116:2015:09,
  title = {Staatsexamen 46116 Softwaretechnologie / Datenbanksysteme (nicht vertieft) 2015 Herbst},
  howpublished = "\url{https://raw.githubusercontent.com/hbschlang/lehramt-informatik/master/Staatsexamen/46116/2015-09.pdf}",
}

@misc{examen:46116:2016:03,
  title = {Staatsexamen 46116 Softwaretechnologie / Datenbanksysteme (nicht vertieft) 2016 Frühjahr},
  howpublished = "\url{https://raw.githubusercontent.com/hbschlang/lehramt-informatik/master/Staatsexamen/46116/2016-03.pdf}",
}

@misc{examen:46116:2016:09,
  title = {Staatsexamen 46116 Softwaretechnologie / Datenbanksysteme (nicht vertieft) 2016 Herbst},
  howpublished = "\url{https://raw.githubusercontent.com/hbschlang/lehramt-informatik/master/Staatsexamen/46116/2016-09.pdf}",
}

@misc{examen:46116:2017:03,
  title = {Staatsexamen 46116 Softwaretechnologie / Datenbanksysteme (nicht vertieft) 2017 Frühjahr},
  howpublished = "\url{https://raw.githubusercontent.com/hbschlang/lehramt-informatik/master/Staatsexamen/46116/2017-03.pdf}",
}

@misc{examen:46116:2017:09,
  title = {Staatsexamen 46116 Softwaretechnologie / Datenbanksysteme (nicht vertieft) 2017 Herbst},
  howpublished = "\url{https://raw.githubusercontent.com/hbschlang/lehramt-informatik/master/Staatsexamen/46116/2017-09.pdf}",
}

@misc{examen:46116:2018:03,
  title = {Staatsexamen 46116 Softwaretechnologie / Datenbanksysteme (nicht vertieft) 2018 Frühjahr},
  howpublished = "\url{https://raw.githubusercontent.com/hbschlang/lehramt-informatik/master/Staatsexamen/46116/2018-03.pdf}",
}

@misc{examen:46116:2018:09,
  title = {Staatsexamen 46116 Softwaretechnologie / Datenbanksysteme (nicht vertieft) 2018 Herbst},
  howpublished = "\url{https://raw.githubusercontent.com/hbschlang/lehramt-informatik/master/Staatsexamen/46116/2018-09.pdf}",
}

@misc{examen:46116:2019:03,
  title = {Staatsexamen 46116 Softwaretechnologie / Datenbanksysteme (nicht vertieft) 2019 Frühjahr},
  howpublished = "\url{https://raw.githubusercontent.com/hbschlang/lehramt-informatik/master/Staatsexamen/46116/2019-03.pdf}",
}

@misc{examen:46116:2019:09,
  title = {Staatsexamen 46116 Softwaretechnologie / Datenbanksysteme (nicht vertieft) 2019 Herbst},
  howpublished = "\url{https://raw.githubusercontent.com/hbschlang/lehramt-informatik/master/Staatsexamen/46116/2019-09.pdf}",
}

%%
% Staatsexamen 66111 Betriebssysteme / Datenbanksysteme / Rechnerarchitektur (vertieft)
%%

@misc{examen:66111:1994:03,
  title = {Staatsexamen 66111 Betriebssysteme / Datenbanksysteme / Rechnerarchitektur (vertieft) 1994 Frühjahr},
  howpublished = "\url{https://raw.githubusercontent.com/hbschlang/lehramt-informatik/master/Staatsexamen/66111/1994-03.pdf}",
}

%%
% Staatsexamen 66112 Automatentheorie / Komplexität / Algorithmen (vertieft)
%%

@misc{examen:66112:2002:09,
  title = {Staatsexamen 66112 Automatentheorie / Komplexität / Algorithmen (vertieft) 2002 Herbst},
  howpublished = "\url{https://raw.githubusercontent.com/hbschlang/lehramt-informatik/master/Staatsexamen/66112/2002-09.pdf}",
}

@misc{examen:66112:2004:03,
  title = {Staatsexamen 66112 Automatentheorie / Komplexität / Algorithmen (vertieft) 2004 Frühjahr},
  howpublished = "\url{https://raw.githubusercontent.com/hbschlang/lehramt-informatik/master/Staatsexamen/66112/2004-03.pdf}",
}

@misc{examen:66112:2003:09,
  title = {Staatsexamen 66112 Automatentheorie / Komplexität / Algorithmen (vertieft) 2003 Herbst},
  howpublished = "\url{https://raw.githubusercontent.com/hbschlang/lehramt-informatik/master/Staatsexamen/66112/2003-09.pdf}",
}

@misc{examen:66112:2005:03,
  title = {Staatsexamen 66112 Automatentheorie / Komplexität / Algorithmen (vertieft) 2005 Frühjahr},
  howpublished = "\url{https://raw.githubusercontent.com/hbschlang/lehramt-informatik/master/Staatsexamen/66112/2005-03.pdf}",
}


@misc{examen:66112:2006:09,
  title = {Staatsexamen 66112 Automatentheorie / Komplexität / Algorithmen (vertieft) 2006 Herbst},
  howpublished = "\url{https://raw.githubusercontent.com/hbschlang/lehramt-informatik/master/Staatsexamen/66112/2006-09.pdf}",
}

%%
% Staatsexamen 66114 Datenbank- und Betriebssysteme (vertieft)
%%

@misc{examen:66114:2008:03,
  title = {Staatsexamen 66114 Datenbank- und Betriebssysteme (vertieft) 2008 Herbst},
  howpublished = "\url{https://raw.githubusercontent.com/hbschlang/lehramt-informatik/master/Staatsexamen/66114/2008-03.pdf}",
}

%%
% Staatsexamen 66115 Theoretische Informatik / Algorithmen (vertieft)
%%

@misc{examen:66115:2006:09,
  title = {Staatsexamen 66115 Theoretische Informatik / Algorithmen (vertieft) 2006 Herbst},
  howpublished = "\url{https://raw.githubusercontent.com/hbschlang/lehramt-informatik/master/Staatsexamen/66115/2006-09.pdf}",
}

@misc{examen:66115:2007:03,
  title = {Staatsexamen 66115 Theoretische Informatik / Algorithmen (vertieft) 2007 Frühjahr},
  howpublished = "\url{https://raw.githubusercontent.com/hbschlang/lehramt-informatik/master/Staatsexamen/66115/2007-03.pdf}",
}

@misc{examen:66115:2009:09,
  title = {Staatsexamen 66115 Theoretische Informatik / Algorithmen (vertieft) 2009 Herbst},
  howpublished = "\url{https://raw.githubusercontent.com/hbschlang/lehramt-informatik/master/Staatsexamen/66115/2009-09.pdf}",
}

@misc{examen:66115:2010:09,
  title = {Staatsexamen 66115 Theoretische Informatik / Algorithmen (vertieft) 2010 Herbst},
  howpublished = "\url{https://raw.githubusercontent.com/hbschlang/lehramt-informatik/master/Staatsexamen/66115/2010-09.pdf}",
}

@misc{examen:66115:2014:03,
  title = {Staatsexamen 66115 Theoretische Informatik / Algorithmen (vertieft) 2014 Frühjahr},
  howpublished = "\url{https://raw.githubusercontent.com/hbschlang/lehramt-informatik/master/Staatsexamen/66115/2014-03.pdf}",
}

@misc{examen:66115:2012:09,
  title = {Staatsexamen 66115 Theoretische Informatik / Algorithmen (vertieft) 2012 Herbst},
  howpublished = "\url{https://raw.githubusercontent.com/hbschlang/lehramt-informatik/master/Staatsexamen/66115/2012-09.pdf}",
}


@misc{examen:66115:2014:09,
  title = {Staatsexamen 66115 Theoretische Informatik / Algorithmen (vertieft) 2014 Herbst},
  howpublished = "\url{https://raw.githubusercontent.com/hbschlang/lehramt-informatik/master/Staatsexamen/66115/2014-09.pdf}",
}

@misc{examen:66115:2015:03,
  title = {Staatsexamen 66115 Theoretische Informatik / Algorithmen (vertieft) 2015 Frühjahr},
  howpublished = "\url{https://raw.githubusercontent.com/hbschlang/lehramt-informatik/master/Staatsexamen/66115/2015-03.pdf}",
}

@misc{examen:66115:2016:03,
  title = {Staatsexamen 66115 Theoretische Informatik / Algorithmen (vertieft) 2016 Frühjahr},
  howpublished = "\url{https://raw.githubusercontent.com/hbschlang/lehramt-informatik/master/Staatsexamen/66115/2016-03.pdf}",
}

@misc{examen:66115:2017:03,
  title = {Staatsexamen 66115 Theoretische Informatik / Algorithmen (vertieft) 2017 Frühjahr},
  howpublished = "\url{https://raw.githubusercontent.com/hbschlang/lehramt-informatik/master/Staatsexamen/66115/2017-03.pdf}",
}

@misc{examen:66115:2017:09,
  title = {Staatsexamen 66115 Theoretische Informatik / Algorithmen (vertieft) 2017 Herbst},
  howpublished = "\url{https://raw.githubusercontent.com/hbschlang/lehramt-informatik/master/Staatsexamen/66115/2017-09.pdf}",
}

@misc{examen:66115:2018:03,
  title = {Staatsexamen 66115 Theoretische Informatik / Algorithmen (vertieft) 2018 Frühjahr},
  howpublished = "\url{https://raw.githubusercontent.com/hbschlang/lehramt-informatik/master/Staatsexamen/66115/2018-03.pdf}",
}

@misc{examen:66115:2018:09,
  title = {Staatsexamen 66115 Theoretische Informatik / Algorithmen (vertieft) 2018 Herbst},
  howpublished = "\url{https://raw.githubusercontent.com/hbschlang/lehramt-informatik/master/Staatsexamen/66115/2018-09.pdf}",
}

@misc{examen:66115:2019:09,
  title = {Staatsexamen 66115 Theoretische Informatik / Algorithmen (vertieft) 2019 Herbst},
  howpublished = "\url{https://raw.githubusercontent.com/hbschlang/lehramt-informatik/master/Staatsexamen/66115/2019-09.pdf}",
}

%%
% Staatsexamen 66116 Datenbanksysteme / Softwaretechnologie (vertieft)
%%

@misc{examen:66116:2012:09,
  title = {66116 Datenbanksysteme / Softwaretechnologie (vertieft) 2012 Herbst},
  howpublished = "\url{https://raw.githubusercontent.com/hbschlang/lehramt-informatik/master/Staatsexamen/66116/2012-09.pdf}",
}

@misc{examen:66116:2013:03,
  title = {66116 Datenbanksysteme / Softwaretechnologie (vertieft) 2013 Frühjahr},
  howpublished = "\url{https://raw.githubusercontent.com/hbschlang/lehramt-informatik/master/Staatsexamen/66116/2013-03.pdf}",
}

@misc{examen:66116:2013:09,
  title = {66116 Datenbanksysteme / Softwaretechnologie (vertieft) 2013 Herbst},
  howpublished = "\url{https://raw.githubusercontent.com/hbschlang/lehramt-informatik/master/Staatsexamen/66116/2013-09.pdf}",
}

@misc{examen:66116:2014:03,
  title = {66116 Datenbanksysteme / Softwaretechnologie (vertieft) 2014 Frühjahr},
  howpublished = "\url{https://raw.githubusercontent.com/hbschlang/lehramt-informatik/master/Staatsexamen/66116/2014-03.pdf}",
}

@misc{examen:66116:2014:09,
  title = {66116 Datenbanksysteme / Softwaretechnologie (vertieft) 2014 Herbst},
  howpublished = "\url{https://raw.githubusercontent.com/hbschlang/lehramt-informatik/master/Staatsexamen/66116/2014-09.pdf}",
}

@misc{examen:66116:2015:03,
  title = {66116 Datenbanksysteme / Softwaretechnologie (vertieft) 2015 Frühjahr},
  howpublished = "\url{https://raw.githubusercontent.com/hbschlang/lehramt-informatik/master/Staatsexamen/66116/2015-03.pdf}",
}

@misc{examen:66116:2015:09,
  title = {66116 Datenbanksysteme / Softwaretechnologie (vertieft) 2015 Herbst},
  howpublished = "\url{https://raw.githubusercontent.com/hbschlang/lehramt-informatik/master/Staatsexamen/66116/2015-09.pdf}",
}

@misc{examen:66116:2016:03,
  title = {66116 Datenbanksysteme / Softwaretechnologie (vertieft) 2016 Frühjahr},
  howpublished = "\url{https://raw.githubusercontent.com/hbschlang/lehramt-informatik/master/Staatsexamen/66116/2016-03.pdf}",
}

@misc{examen:66116:2016:09,
  title = {66116 Datenbanksysteme / Softwaretechnologie (vertieft) 2016 Herbst},
  howpublished = "\url{https://raw.githubusercontent.com/hbschlang/lehramt-informatik/master/Staatsexamen/66116/2016-09.pdf}",
}

@misc{examen:66116:2017:03,
  title = {66116 Datenbanksysteme / Softwaretechnologie (vertieft) 2017 Frühjahr},
  howpublished = "\url{https://raw.githubusercontent.com/hbschlang/lehramt-informatik/master/Staatsexamen/66116/2017-03.pdf}",
}

@misc{examen:66116:2017:09,
  title = {66116 Datenbanksysteme / Softwaretechnologie (vertieft) 2017 Herbst},
  howpublished = "\url{https://raw.githubusercontent.com/hbschlang/lehramt-informatik/master/Staatsexamen/66116/2017-09.pdf}",
}

@misc{examen:66116:2018:03,
  title = {66116 Datenbanksysteme / Softwaretechnologie (vertieft) 2018 Frühjahr},
  howpublished = "\url{https://raw.githubusercontent.com/hbschlang/lehramt-informatik/master/Staatsexamen/66116/2018-03.pdf}",
}

@misc{examen:66116:2018:09,
  title = {66116 Datenbanksysteme / Softwaretechnologie (vertieft) 2018 Herbst},
  howpublished = "\url{https://raw.githubusercontent.com/hbschlang/lehramt-informatik/master/Staatsexamen/66116/2018-09.pdf}",
}

@misc{examen:66116:2019:03,
  title = {66116 Datenbanksysteme / Softwaretechnologie (vertieft) 2019 Frühjahr},
  howpublished = "\url{https://raw.githubusercontent.com/hbschlang/lehramt-informatik/master/Staatsexamen/66116/2019-03.pdf}",
}

@misc{examen:66116:2019:09,
  title = {66116 Datenbanksysteme / Softwaretechnologie (vertieft) 2019 Herbst},
  howpublished = "\url{https://raw.githubusercontent.com/hbschlang/lehramt-informatik/master/Staatsexamen/66116/2019-09.pdf}",
}
