%%
% a
%%

@misc{wiki:assoziativgesetz,
  title = {Wikipedia-Artikel „Assoziativgesetz“},
  howpublished = "\url{https://de.wikipedia.org/wiki/Assoziativgesetz}",
}

%%
% b
%%

@misc{wiki:binomische-formeln,
  title = {Wikipedia-Artikel „Binomische Formeln“},
  howpublished = "\url{https://de.wikipedia.org/wiki/Binomische_Formeln}",
}

%%
% c
%%

%%
% d
%%

@misc{wiki:distributivgesetz,
  title = {Wikipedia-Artikel „Distributivgesetz“},
  howpublished = "\url{https://de.wikipedia.org/wiki/Distributivgesetz}",
}

@misc{wiki:divisionsrestmethode,
  title = {Wikipedia-Artikel „Divisionsrestmethode“},
  howpublished = "\url{https://de.wikipedia.org/wiki/Divisionsrestmethode}",
}

%%
% f
%%

@misc{wiki:fibonacci-folge,
  title = {Wikipedia-Artikel „Fibonacci-Folge“},
  howpublished = "\url{https://de.wikipedia.org/wiki/Fibonacci-Folge}",
}

%%
% g
%%

@misc{wiki:gausssche-summenformel,
  title = {Wikipedia-Artikel „Gaußsche Summenformel“},
  howpublished = "\url{https://de.wikipedia.org/wiki/Gaußsche_Summenformel}",
}

%%
% j
%%

%%
% k
%%

@misc{wiki:kommutativgesetz,
  title = {Wikipedia-Artikel „Kommutativgesetz“},
  howpublished = "\url{https://de.wikipedia.org/wiki/Kommutativgesetz}",
}

%%
% o
%%

%%
% p
%%

@misc{wiki:praedikat-logik,
  title = {Wikipedia-Artikel „Prädikat (Logik)“},
  howpublished = "\url{https://de.wikipedia.org/wiki/Prädikat_(Logik)}",
}

@misc{wiki:praedikatenlogik,
  title = {Wikipedia-Artikel „Prädikatenlogik“},
  howpublished = "\url{https://de.wikipedia.org/wiki/Prädikatenlogik)}",
}

%%
% s
%%

@misc{wiki:stapelspeicher,
  title = {Wikipedia-Artikel „Stapelspeicher“},
  howpublished = "\url{https://de.wikipedia.org/wiki/Stapelspeicher}",
}

%%
% u
%%

@misc{wiki:vollständige-induktion,
  title = {Wikipedia-Artikel „Vollständige Induktion“},
  howpublished = "\url{https://de.wikipedia.org/wiki/Vollständige_Induktion}",
}

%%
% x
%%

%%
% y
%%
